
@book{lima2004analise,
  title={An{\'a}lise real},
  author={Lima, Elon Lages},
  volume={1},
  year={2004},
  publisher={Impa Rio de Janeiro}
}
@book{ AGUIAR,
    title = {Introdu{çã}o ao C em 10 aulas},
    author ={AGUIAR, M. O.; SILVA, R. F.},
    volume={1},
    year={2016},
    publisher={ALEGRE}
}
